@book{cox2011toric,
  title={Toric Varieties},
  author={Cox, D.A. and Little, J.B. and Schenck, H.K.},
  isbn={9780821884263},
  series={Graduate studies in mathematics},
  url={https://books.google.it/books?id=eXLGwYD4pmAC},
  year={2011},
  publisher={American Mathematical Soc.}
}

@book{fulton1993introduction,
  title={Introduction to Toric Varieties},
  author={Fulton, W.},
  isbn={9780691000497},
  lccn={93011045},
  series={Annals of mathematics studies},
  url={https://books.google.it/books?id=CbmaGqCRbhUC},
  year={1993},
  publisher={Princeton University Press}
}